@book{lshort,
  title   = {The Not So Short Introduction to \LaTeXe},
  author  = {Tobias Oetiker and Hubert Partl 
             and Irene Hyna and Elisabeth Schlegl},
  date    = {2021-03-09},
  version = {6.4},
  url     = {https://www.ctan.org/pkg/lshort-english}
}

@article{curie,
  title        = {Les nouvelles substances radioactives},
  author       = {Curie, Marie},
  year         = {1900},
  journaltitle = {Revue scientifique},
  series       = {4},
  volume       = {14},
  number       = {37}
}

@misc{dream,
  title        = {Yesterday's dream},
  howpublished = {The vision came to me while I was sleeping},
  note         = {It was very vivid},
  author       = {Jane Diviner},
  date         = {3012-07-19},
  keywords     = {dreamy, unreliable}
}
