@book{texbook,
  author    = {Knuth, Donald E.},
  title     = {The \TeX{}book},
  year      = {1984},
  isbn      = {0-201-13448-9},
  publisher = {Addison-Wesley},
  edition   = {2},
  series    = {Computers and Typesetting},
  volume    = {A},
  location  = {Reading, Massachusetts}
}

@book{manual,
  title     = {{\LaTeX:} A Document Preparation System},
  author    = {Lamport, Leslie},
  publisher = {Addison-Wesley},
  edition   = {2},
  year      = {1994},
  isbn      = {0-201-52983-1},
  location  = {Reading, Massachusetts}
}

@book{companion,
  title     = {The {\LaTeX} Companion},
  author    = {Mittelbach, Frank and Goossens, Michel and Braams, Johannes and 
               Carlisle, David and Rowley, Chris},
  publisher = {Addison-Wesley},
  edition   = {2},
  year      = {2004},
  isbn      = {0-201-36299-6},
  location  = {Reading, Massachusetts}
}

@book{graphicscompanion,
  title     = {The {\LaTeX} Graphics Companion},
  author    = {Goossens, Michel and Rahtz, Sebastian  and Mittelbach, Frank},
  publisher = {Addison-Wesley},
  year      = {1997},
  isbn      = {0-201-85469-4},
  location  = {Reading, Massachusetts}
}

@misc{local,
  note = {Each \LaTeX{} installation should provide a so-called
          \emph{\LaTeX{} Local Guide}, which explains the things that are
          special to the local system.  It should be contained in a file called
          \texttt{local.tex}. Unfortunately, some lazy sysops do not provide such a
          document. In this case, go and ask your local \LaTeX{} guru for help}
}

@misc{usrguide,
  author       = {\LaTeX3 Project Team},
  howpublished = {Comes with the \LaTeXe{} distribution as \texttt{usrguide.tex}},
  title        = {\LaTeXe~for authors}
}

@misc{clsguide,
  author       = {\LaTeX3 Project Team},
  howpublished = {Comes with the \LaTeXe{} distribution as \texttt{clsguide.tex}},
  title        = {\LaTeXe~for Class and Package writers}
}

@misc{fntguide,
  author       = {\LaTeX3 Project Team},
  howpublished = {Comes with the \LaTeXe{} distribution as \texttt{fntguide.tex}},
  title        = {\LaTeXe~Font selection}
}

@misc{graphics,
  author       = {D.~P.~Carlisle},
  howpublished = {Comes with the `graphics' bundle as \texttt{grfguide.tex},
                  available from the same source your \LaTeX{}
                  distribution came from.},
  title        = {Packages in the `graphics' bundle}
}

@misc{verbatim,
  author       = {Sch\"opf, Rainer and Raichle Bernd and Rowley, Chris},
  howpublished = {Comes with the `tools' bundle as \texttt{verbatim.dtx},
                  available from the same source your \LaTeX{}
                  distribution came from.},
  title        = {A New Implementation of \LaTeX's verbatim
                  Environments}
}

@misc{cyrguide,
  author       = {Volovich, Vladimir and Lemberg, Werner and \LaTeX3 Project Team},
  howpublished = {Comes with the \LaTeXe{} distribution as
                  \texttt{cyrguide.tex}.},
  title        = {Cyrillic languages support in \LaTeX}
}

@misc{catalogue,
  author       = {Williams, Graham},
  howpublished = {Available online from \CTAN|help/Catalogue/catalogue.html|},
  title        = {The TeX Catalogue},
  note         = {It is a very complete listing of many \TeX{} and \LaTeX{}
                  related packages.}
}

@misc{xy-pic,
  author       = {Rose, Kristoffer H.},
  howpublished = {Downloadable from CTAN with \Xy-pic distribution},
  title        = {\Xy-pic User's Guide}
}

@misc{metapost,
  author       = {Hobby, John D.},
  howpublished = {Downloadable from \url{http://cm.bell-labs.com/who/hobby/}},
  title        = {A User's Manual for \MP}
}

@book{unbound,
  author    = {Alan Hoenig},
  title     = {\TeX{} Unbound},
  publisher = {Oxford University Press},
  year      = {1998},
  isbn      = {0-19-509685-1; 0-19-509686-X (pbk.)}
}

@misc{ursoswald,
  author       = {Urs Oswald},
  title        = {Graphics in \LaTeXe{}},
  note         = {It contains some Java source files for
                  generating arbitrary circles and ellipses within the
                  \texttt{picture} environment and \emph{\MP{} - A Tutorial}},
  howpublished = {Downloadable from \url{http://www.ursoswald.ch}}
}

@misc{pgfplot,
  author       = {Till Tantau},
  howpublished = {Download from \CTAN|graphics/pgf/base/doc/generic/pgf/pgfmanual.pdf|},
  title        = {TikZ\&PGF Manual}
}

@misc{polyglossia,
  author       = {Fran\c{c}ois Charette},
  howpublished = {Comes with the \TeX Live distribution as \texttt{polyglossia.pdf}.
                  (Type \texttt{texdoc polyglossia} on the command line.)},
  title        = {Polyglossia: A Babel Replacement for \hologo{XeLaTeX}}
}

@misc{arabxetex,
  author       = {Fran\c{c}ois Charette},
  howpublished = {Comes with the \TeX Live distribution as \texttt{arabxetex.pdf}.
                  (Type \texttt{texdoc arabxetex} on the command line.)},
  title        = {An Arab\TeX-like interface for typesetting languages
                  in Arabic script with \hologo{XeLaTeX}}
}

@misc{fontspec,
  author       = {Will Robertson and Khaled Hosny},
  howpublished = {Comes with the \TeX Live distribution as
                  \texttt{fontspec.pdf}. (Type \texttt{texdoc fontspec} on the command line.)},
  title        = {The \texttt{fontspec} package}
}

@misc{xgreek,
  author       = {Apostolos Syropoulos},
  howpublished = {Comes with the \TeX Live distribution as
                  \texttt{xgreek.pdf}. (Type \texttt{texdoc xgreek} on the command line.)},
  title        = {The \texttt{xgreek} package}
}

@misc{bidi,
  author       = {Vafa Khalighi},
  howpublished = {Comes with the \TeX Live distribution as
                  \texttt{bidi.pdf}. (Type \texttt{texdoc bidi} on the command line.)},
  title        = {The \texttt{bidi} package}
}

@misc{xepersian,
  author       = {Vafa Khalighi},
  howpublished = {Comes with the \TeX Live distribution as
                  \texttt{xepersian-doc.pdf}. (Type \texttt{texdoc xepersian} on the command line.)},
  title        = {The \texttt{XePersian} package}
}

@misc{xecjk,
  author       = {Wenchang Sun},
  howpublished = {Comes with the \TeX Live distribution as
                  \texttt{xeCJK.pdf}. (Type \texttt{texdoc xecjk} on the command line.)},
  title        = {The \texttt{xeCJK} package}
}
